@article{ZGTY202107009,
 author = {Jiang Ting and Li Qing},
 title = {Factors Influencing the Outcome of Men's Singles Matches in Professional Tennis Tournaments: A Study Based on the Four Grand Slam Events from 2014 to 2018},
 journal = {Journal of China Sport Science and Technology},
 volume = {57},
 number = {62-68},
 year = {2021},
 issn = {1002-9826},
 doi = {10.16470/j.csst.2019115}
 }

@article{QSTY202210018,
 author = {Wang Qianru and Zhu Qiuhan and Chen Yonghuan and Gao Peizhen},
 title = {Analysis of Tennis Winning Techniques and Training Insights Based on the Logistic Regression Model: A Case Study of Men's Singles at the 2021 US Open},
 journal = {Youth Sports},
 year = {2022},
 issn = {2095-4581},
 }

@article{jesse2016,
    author = "Jesse, Zhang Junjun",
    title = "2016 Australian Open: Novak Djokovic, the Solitary Serbian Champion",
    journal = "Tennis Master",
    year = "2016",
    number = "2",
    pages = "24-29"
}
@mastersthesis { 1023068698.nh,
  author = {Yang Yuzhe},
  title = {Design and Implementation of Tennis Match Tactical Analysis System Based on Data Mining},
  school = {Xi'an Shiyou University},
  year = {2023}
}

@article{SPOR202304012,
  author = {Ma Jiacai and Chen Qingguo and Liang Cairong and Zhou Zichen},
  title = {Model Construction and Research Analysis of Winning Factors for Professional Tennis Players},
  journal = {Bulletin of Sports Science and Technology Literature},
  volume = {31},
  number = {66-68+118},
  year = {2023},
  issn = {1005-0256},
  doi = {10.19379/j.cnki.issn.1005-0256.2023.04.021}
}

@conference{ZGTK202311031139,
  author = {Zhang Lifei and Zhu Yang and Wu Xuan and Wang Yida},
  title = {Analysis of Winning Factors for Chinese Elite Male Singles Tennis Players under Data-Driven Approach: A Case Study of Zhang Zhizhen},
  booktitle = {Abstracts of the 13th National Sports Science Conference - Poster Exchange (Sports Training Branch) (III)},
  year = {2023},
  pages = {306-308},
  publisher = {School of Physical Education, Southwest University; School of Physical Education and Health, Dalian University of Technology;}
}
@mastersthesis { 1017285434.nh,
  author = {Pan Yujiao},
  title = {A Study of Technical Winning Factors in CBA Teams Based on Logistic Analysis},
  school = {Nanjing Normal University},
  year = {2017}
}

